@article{li2020wlasl,
  title={{WLASL}: A large-scale dataset for Word-Level American Sign Language recognition},
  author={Li, Dongxu and Rodriguez, Cristian and Yu, Xin and Li, Hongdong},
  journal={arXiv preprint arXiv:1910.11006},
  year={2020},
  doi={10.48550/arXiv.1910.11006},
  url={https://arxiv.org/abs/1910.11006}
}

@misc{paperswithcode_wlasl2000,
  author       = {{Papers with Code}},
  title        = {State-of-the-Art Sign Language Recognition on WLASL2000},
  year         = {2024},
  howpublished = {\url{https://paperswithcode.com/sota/sign-language-recognition-on-wlasl-2000}},
  note         = {Accessed: 2025-06-17}
}

@misc{paperswithcode_wlasl100,
  author       = {{Papers with Code}},
  title        = {State-of-the-Art Sign Language Recognition on WLASL100},
  year         = {2024},
  howpublished = {\url{https://paperswithcode.com/sota/sign-language-recognition-on-wlasl100}},
  note         = {Accessed: 2025-06-17}
}

@article{xie2017rethinking,
  title={Rethinking Spatiotemporal Feature Learning: Speed-Accuracy Trade-offs in Video Classification},
  author={Xie, Saining and Sun, Chen and Huang, Jonathan and Tu, Zhuowen and Murphy, Kevin},
  journal={arXiv preprint arXiv:1712.04851},
  year={2017},
  doi={10.48550/arXiv.1712.04851},
  url={https://arxiv.org/abs/1712.04851}
}

@article{pan2022stepnet,
  title={STEPNet: Spatio-Temporal Enhanced Pretraining for Video-Language Retrieval},
  author={Pan, Yuanze and Li, Linchao and Wang, Zongxin and Zhang, Yunchao and Shen, Heng Tao},
  journal={arXiv preprint arXiv:2212.12857},
  year={2022},
  doi={10.48550/arXiv.2212.12857},
  url={https://arxiv.org/abs/2212.12857},
  note={Published version available at: \url{https://doi.org/10.1145/3656046}}
}

@article{carreira2017quo,
  title={Quo Vadis, Action Recognition? A New Model and the Kinetics Dataset},
  author={Carreira, Joao and Zisserman, Andrew},
  journal={arXiv preprint arXiv:1705.07750},
  year={2017},
  doi={10.48550/arXiv.1705.07750},
  url={https://arxiv.org/abs/1705.07750}
}

@article{tran2015learning,
  title={Learning Spatiotemporal Features with 3D Convolutional Networks},
  author={Tran, Du and Bourdev, Lubomir and Fergus, Rob and Torresani, Lorenzo and Paluri, Manohar},
  journal={arXiv preprint arXiv:1412.0767},
  year={2015},
  doi={10.48550/arXiv.1412.0767},
  url={https://arxiv.org/abs/1412.0767}
}

@article{li2025uni-sign,
  title     = {Uni‑Sign: Toward Unified Sign Language Understanding at Scale},
  author    = {Li, Zecheng and Zhou, Wengang and Zhao, Weichao and Wu, Kepeng and Hu, Hezhen and Li, Houqiang},
  journal   = {arXiv preprint arXiv:2501.15187},
  year      = {2025},
  doi       = {10.48550/arXiv.2501.15187},
  url       = {https://arxiv.org/abs/2501.15187},
  note      = {Version v3 (Mar 13, 2025)}
}

@article{zuo2023natural,
  title={Natural Language-Assisted Sign Language Recognition},
  author={Zuo, Ronglai and Wei, Fangyun and Mak, Brian},
  journal={arXiv preprint arXiv:2303.12080},
  year={2023},
  doi={10.48550/arXiv.2303.12080},
  url={https://arxiv.org/abs/2303.12080},
  note={Version v1 (Mar 21, 2023)}
}

@misc{mediapipe_holistic_landmarker,
  author       = {{Google AI Edge / MediaPipe}},
  title        = {Holistic Landmarker – Real‑Time Face, Hand, and Pose Landmark Detection},
  howpublished = {\url{https://ai.google.dev/edge/mediapipe/solutions/vision/holistic_landmarker}},
  note         = {Last updated: Apr 24, 2024. Accessed: Jun 17, 2025},
  year         = {2024}
}

@inproceedings{sun2019deep,
  title     = {Deep High-Resolution Representation Learning for Human Pose Estimation},
  author    = {Sun, Ke and Xiao, Bin and Liu, Dong and Wang, Jingdong},
  booktitle = {Proceedings of the IEEE/CVF Conference on Computer Vision and Pattern Recognition (CVPR)},
  year      = {2019},
  pages     = {5686--5696},
  doi       = {10.1109/CVPR.2019.00584},
}

@article{bazarevsky2020blazepose,
  title        = {BlazePose: On‑device Real‑time Body Pose Tracking},
  author       = {Bazarevsky, Valentin and Grishchenko, Ivan and Raveendran, Karthik and Zhu, Tyler and Zhang, Fan and Grundmann, Matthias},
  journal      = {arXiv preprint arXiv:2006.10204},
  year         = {2020},
  eprint       = {2006.10204},
  archivePrefix= {arXiv},
  primaryClass = {cs.CV},
  doi          = {10.48550/arXiv.2006.10204},
  url          = {https://arxiv.org/abs/2006.10204},
  note         = {Version v1 (17 Jun 2020)}
}

@article{kay2017kinetics,
  title   = {The Kinetics Human Action Video Dataset},
  author  = {Kay, Will and Carreira, Jo\~ao and Simonyan, Karen and Zhang, Brian and Hillier, Chloe and Vijayanarasimhan, Sudheendra and Viola, Fabio and Green, Tim and Back, Trevor and Natsev, Paul and Suleyman, Mustafa and Zisserman, Andrew},
  journal = {arXiv preprint arXiv:1705.06950},
  year    = {2017},
  doi     = {10.48550/arXiv.1705.06950},
  url     = {https://arxiv.org/abs/1705.06950}
}

@article{hu2021signbert,
  title       = {SignBERT: Pre‑Training of Hand‑Model‑Aware Representation for Sign Language Recognition},
  author      = {Hu, Hezhen and Zhao, Weichao and Zhou, Wengang and Wang, Yuechen and Li, Houqiang},
  journal     = {arXiv preprint arXiv:2110.05382},
  year        = {2021},
  doi         = {10.48550/arXiv.2110.05382},
  url         = {https://arxiv.org/abs/2110.05382},
  note        = {Version v1 (Oct 11, 2021)}
}

@article{maruyama2021wordlevel,
  title     = {Word‑level Sign Language Recognition with Multi‑stream Neural Networks Focusing on Local Regions and Skeletal Information},
  author    = {Maruyama, Mizuki and Singh, Shrey and Inoue, Katsufumi and Roy, Partha Pratim and Iwamura, Masakazu and Yoshioka, Michifumi},
  journal   = {arXiv preprint arXiv:2106.15989},
  year      = {2021},
  doi       = {10.48550/arXiv.2106.15989},
  url       = {https://arxiv.org/abs/2106.15989},
  note      = {Version v2 (Nov 20, 2024)}
}
